@inbook{SoftwareEngineering,
   author    = {Rod Stephens},
   title     = {Software Engineering},
   chapter   = {3},
   pages     = {327-328},
   publisher = {John Wiley and Sons Inc},
   address   = {Crosspoint Boulevard},
   edition   = {first}
}

@misc{ref1,
author = {PCWorld},
title = {{Five Reasons Linux Beats Windows for Servers}},
howpublished = "\url{http://www.pcworld.com/article/204423/why_linux_beats_windows_for_servers.html}",
year = {2015},
note = "[Online; accessed 24-February-2016]"
}
@misc{ref2,
author = {MySQL},
title = {{Why MySQL?}},
howpublished = "\url{https://www.mysql.com/why-mysql/}",
year = {2015},
note = "[Online; accessed 24-February-2016]"
}
@misc{ref3,
author = {Gomathi Palaniswamy },
title = {{Two-Tier and Three-Tier Architecture with example}},
howpublished = "\url{http://www.c-sharpcorner.com/UploadFile/gowth/two-tier-and-three-tier-architecture-with-example/}",
year = {2010},
note = "[Online; accessed 2-March-2016]"
}


@misc{ref4,
author = {techopedia},
title = {{Two-Tier Architecture}},
howpublished = "\url{https://www.techopedia.com/definition/467/two-tier-architecture}",
year = {2016},
note = "[Online; accessed 2-March-2016]"
}


@misc{ref5,
author = {Apache },
title = {{Apache - HTTP Server Project}},
howpublished = "\url{https://httpd.apache.org}",
year = {2016},
note = "[Online; accessed 9-March-2016]"
}


@misc{ref6,
author = {WhatIs.com},
title = {{Web server}},
howpublished = "\url{http://whatis.techtarget.com/definition/Web-server}",
year = {2016},
note = "[Online; accessed 9-March-2016]"
}

@misc{ref7,
author = {Robert Half Technology},
title = {{6 Basic SDLC Methodologies: Which One is Best?}},
howpublished = "\url{https://www.roberthalf.com/technology/blog/6-basic-sdlc-methodologies-the-pros-and-cons}",
year = {2014},
note = "[Online; accessed 10-March-2016]"
}

@misc{ref8,
author = {VERSIONONE},
title = {{Understanding Scrum Project Management}},
howpublished = "\url{https://www.versionone.com/scrum-project-management/}",
year = {2016},
note = "[Online; accessed 10-March-2016]"
}

@misc{ref9,
author = {Ekow Otoo},
title = {{Expanded Project Description}},
howpublished = "\url{https://cle.wits.ac.za/access/content/group/ELEN4009_SoftwareEngineering2016/Project%20Descriptions/EnhancedProjDesc.pdf}",
year = {2016},
note = "[Online; accessed 22-March-2016]"
}

@misc{ref10,
author = {databasedev},
title = {{Flat File Database Design vs. Relational Database Design}},
howpublished = "\url{http://www.databasedev.co.uk/flatfile-vs-rdbms.html}",
year = {2015},
note = "[Online; accessed 10-April-2016]"
}

@misc{ref11,
author = {databasedev},
title = {{Advantage \& disadvantage of relational database}},
howpublished = "\url{http://smhamiri.blogspot.co.za/2013/04/advantage-disadvantage-of-relational.html}",
year = {2013},
note = "[Online; accessed 10-April-2016]"
}




